% Encoding: UTF-8
@Article{Barth2014,
  author  = {Barth, A. and Beckers, J.-M. and Troupin, C. and Alvera-Azc\'arate, A. and Vandenbulcke, L.},
  journal = {Geoscientific Model Development},
  title   = {divand-1.0: n-dimensional variational data analysis for ocean observations},
  year    = {2014},
  number  = {1},
  pages   = {225--241},
  volume  = {7},
  doi     = {10.5194/gmd-7-225-2014},
  url     = {https://gmd.copernicus.org/articles/7/225/2014/},
}

@Article{Belgacem2021,
  author    = {Belgacem, Malek and Schroeder, Katrin and Barth, Alexander and Troupin, Charles and Pavoni, Bruno and Raimbault, Patrick and Garcia, Nicole and Borghini, Mireno and Chiggiato, Jacopo},
  journal   = {Earth System Science Data},
  title     = {{Climatological distribution of dissolved inorganic nutrients in the western Mediterranean Sea (1981–2017)}},
  year      = {2021},
  issn      = {1866-3516},
  month     = {Dec},
  number    = {12},
  pages     = {5915–5949},
  volume    = {13},
  doi       = {10.5194/essd-13-5915-2021},
  publisher = {Copernicus GmbH},
  url       = {http://dx.doi.org/10.5194/essd-13-5915-2021},
}

@Article{Bezanson2017,
  author    = {Bezanson, Jeff and Edelman, Alan and Karpinski, Stefan and Shah, Viral B},
  journal   = {SIAM {R}eview},
  title     = {Julia: A fresh approach to numerical computing},
  year      = {2017},
  number    = {1},
  pages     = {65--98},
  volume    = {59},
  doi       = {10.1137/141000671},
  publisher = {SIAM},
  url       = {https://epubs.siam.org/doi/10.1137/141000671},
}

@Article{Danisch2021,
  author    = {Danisch, Simon and Krumbiegel, Julius},
  journal   = {Journal of Open Source Software},
  title     = {Makie.jl: Flexible high-performance data visualization for Julia},
  year      = {2021},
  issn      = {2475-9066},
  month     = sep,
  number    = {65},
  pages     = {3349},
  volume    = {6},
  doi       = {10.21105/joss.03349},
  publisher = {The Open Journal},
  url       = {http://dx.doi.org/10.21105/joss.03349},
}

@Article{Gandin1965,
  author  = {Gandin, L. S.},
  journal = {{Israel Program for Scientific Translation, Jerusalem}},
  title   = {Objective analysis of meteorological fields},
  year    = {1965},
  pages   = {{242 pp.}},
}

 
@Article{Giorgetti2018,
  author    = {Giorgetti, A. and Partescano, E. and Barth, A. and Buga, L. and Gatti, J. and Giorgi, G. and Iona, A. and Lipizer, M. and Holdsworth, N. and Larsen, M.M. and Schaap, D. and Vinci, M. and Wenzer, M.},
  journal   = {Ocean \& Coastal Management},
  title     = {EMODnet Chemistry Spatial Data Infrastructure for marine observations and related information},
  year      = {2018},
  issn      = {0964-5691},
  month     = dec,
  pages     = {9–17},
  volume    = {166},
  doi       = {10.1016/j.ocecoaman.2018.03.016},
  publisher = {Elsevier BV},
  url       = {http://dx.doi.org/10.1016/j.ocecoaman.2018.03.016},
}

@InProceedings{KLUYVER2016,
  author    = {Thomas Kluyver and Benjamin Ragan-Kelley and Fernando P{\'e}rez and Brian Granger and Matthias Bussonnier and Jonathan Frederic and Kyle Kelley and Jessica Hamrick and Jason Grout and Sylvain Corlay and Paul Ivanov and Dami{\'a}n Avila and Safia Abdalla and Carol Willing and Jupyter development team},
  title     = {Jupyter Notebooks - a publishing format for reproducible computational workflows},
  booktitle = {Positioning and Power in Academic Publishing: Players, Agents and Agendas},
  year      = {2016},
  editor    = {Fernando Loizides and Birgit Scmidt},
  pages     = {87--90},
  address   = {Netherlands},
  publisher = {IOS Press},
  doi       = {10.3233/978-1-61499-649-1-87},
  url       = {https://eprints.soton.ac.uk/403913/},
}

@Article{MartinMiguez2019,
  author    = {Martín Míguez, Belén and Novellino, Antonio and Vinci, Matteo and Claus, Simon and Calewaert, Jan-Bart and Vallius, Henry and Schmitt, Thierry and Pititto, Alessandro and Giorgetti, Alessandra and Askew, Natalie and Iona, Sissy and Schaap, Dick and Pinardi, Nadia and Harpham, Quillon and Kater, Belinda J. and Populus, Jacques and She, Jun and Palazov, Atanas Vasilev and McMeel, Oonagh and Oset, Paula and Lear, Dan and Manzella, Giuseppe M. R. and Gorringe, Patrick and Simoncelli, Simona and Larkin, Kate and Holdsworth, Neil and Arvanitidis, Christos Dimitrios and Molina Jack, Maria Eugenia and Chaves Montero, Maria del Mar and Herman, Peter M. J. and Hernandez, Francisco},
  journal   = {Frontiers in Marine Science},
  title     = {The European Marine Observation and Data Network (EMODnet): Visions and Roles of the Gateway to Marine Data in Europe},
  year      = {2019},
  issn      = {2296-7745},
  month     = jul,
  volume    = {6},
  doi       = {10.3389/fmars.2019.00313},
  publisher = {Frontiers Media SA},
  url       = {http://dx.doi.org/10.3389/fmars.2019.00313},
}

@Article{Schaap2010,
  author    = {Schaap, Dick M.A. and Lowry, Roy K.},
  journal   = {International Journal of Digital Earth},
  title     = {SeaDataNet – Pan-European infrastructure for marine and ocean data management: unified access to distributed data sets},
  year      = {2010},
  issn      = {1753-8955},
  month     = apr,
  number    = {sup1},
  pages     = {50–69},
  volume    = {3},
  doi       = {10.1080/17538941003660974},
  publisher = {Informa UK Limited},
  url       = {http://dx.doi.org/10.1080/17538941003660974},
}

@Article{Shahzadi2021,
  author    = {Shahzadi, Kanwal and Pinardi, Nadia and Barth, Alexander and Troupin, Charles and Lyubartsev, Vladyslav and Simoncelli, Simona},
  journal   = {Frontiers in Environmental Science},
  title     = {A New Global Ocean Climatology},
  year      = {2021},
  issn      = {2296-665X},
  month     = {Aug},
  volume    = {9},
  doi       = {10.3389/fenvs.2021.711363},
  publisher = {Frontiers Media SA},
  url       = {http://dx.doi.org/10.3389/fenvs.2021.711363},
}

@Article{Troupin2012,
  author  = {C. Troupin and A. Barth and D. Sirjacobs and M. Ouberdous and J.-M. Brankart and P. Brasseur and M. Rixen and A. Alvera-Azcárate and M. Belounis and A. Capet and F. Lenartz and M.-E. Toussaint and J.-M. Beckers},
  journal = {Ocean Modelling},
  title   = {Generation of analysis and consistent error fields using the Data Interpolating Variational Analysis (DIVA)},
  year    = {2012},
  issn    = {1463-5003},
  pages   = {90-101},
  volume  = {52-53},
  doi     = {10.1016/j.ocemod.2012.05.002},
  url     = {https://www.sciencedirect.com/science/article/pii/S1463500312000790},
}

@Article{SCHLITZER2002,
  author    = {Schlitzer, Reiner},
  title     = {Interactive analysis and visualization of geoscience data with Ocean Data View},
  journal   = {Computers \& Geosciences},
  year      = {2002},
  volume    = {28},
  number    = {10},
  pages     = {1211–1218},
  month     = dec,
  issn      = {0098-3004},
  doi       = {10.1016/s0098-3004(02)00040-7},
  publisher = {Elsevier BV},
  url       = {https://www.sciencedirect.com/science/article/pii/S0098300402000407},
}

@Article{Rew1990,
  author    = {Rew, R. and Davis, G.},
  journal   = {IEEE Computer Graphics and Applications},
  title     = {NetCDF: an interface for scientific data access},
  year      = {1990},
  issn      = {0272-1716},
  month     = jul,
  number    = {4},
  pages     = {76--82},
  volume    = {10},
  doi       = {10.1109/38.56302},
  publisher = {Institute of Electrical and Electronics Engineers (IEEE)},
}

 
@Article{Brown1993,
  author    = {Brown, Stewart A. and Folk, Mike and Goucher, Gregory and Rew, Russ and Dubois, Paul F.},
  journal   = {Computers in Physics},
  title     = {{Software for Portable Scientific Data Management}},
  year      = {1993},
  issn      = {0894-1866},
  month     = may,
  number    = {3},
  pages     = {304–308},
  volume    = {7},
  doi       = {10.1063/1.4823180},
  publisher = {AIP Publishing},
  url       = {http://dx.doi.org/10.1063/1.4823180},
}

 
@Article{Barth2024,
  author    = {Barth, Alexander},
  journal   = {Journal of Open Source Software},
  title     = {NCDatasets.jl: a Julia package for manipulating netCDF data sets},
  year      = {2024},
  issn      = {2475-9066},
  month     = may,
  number    = {97},
  pages     = {6504},
  volume    = {9},
  doi       = {10.21105/joss.06504},
  publisher = {The Open Journal},
  url       = {http://dx.doi.org/10.21105/joss.06504},
}

@Article{Garcia2024,
  author  = {Garcia, H.E. and Z. Wang and C. Bouchard and S.L. Cross and C.R. Paver and J.R. Reagan and T.P. Boyer and R.A. Locarnini and A.V. Mishonov and O. Baranova and D. Seidovand D. Dukhovskoy},
  journal = {NOAA Atlas NESDIS 91},
  title   = {{World Ocean Atlas 2023}},
  year    = {2024},
  note    = {A. Mishonov Technical Ed.},
  volume  = {Volume 3: Dissolved Oxygen, Apparent Oxygen Utilization, and Oxygen Saturation},
}

@Article{Garcia2024b,
  author  = {Garcia, H.E. and C. Bouchard and S. L. Cross and C. R. Paver and Z. Wang and J. R. Reagan and T. P. Boyer and Locarnini, R.A. and Mishonov, A. V. and O. Baranova and D. Seidov and Dukhovskoy, D.},
  journal = {NOAA Atlas NESDIS 92},
  title   = {{World Ocean Atlas 2023}},
  year    = {2024},
  note    = {A. Mishonov Technical Ed.},
  pages   = {35pp},
  volume  = {{Vol. 4}: Dissolved Inorganic Nutrients (phosphate, nitrate and nitrate+nitrite, silicate)},
}

@TechReport{Schlitzer2024,
  author      = {Reiner Schlitzer},
  title       = {{Ocean Data View version 5.7.2}},
  institution = {Alfred Wegner Institute},
  year        = {2024},
  url         = {https://odv.awi.de},
}

@Article{BUGA2021,
  author    = {L. Buga and G. Sarbu and {K. Wesslander} and {L. Fyrberg} and {J. Gatti} and {D. Leroy} and {N. Pages} and {S. Iona} and {M. Tsompanou} and {P. Karagevrekis} and Rømer, Jonas Koefoed and {M. Larsen} and {A.K. Østrem} and {M. Lipizer} and {A. Giorgetti} and {C. Troupin} and {A. Barth}},
  title     = {{EMODnet Chemistry Regional climatologies produced with Data-Interpolating Variational Analysis (DIVA). Release 2021}},
  year      = {2021},
  doi       = {10.13120/FA5C704A-A5EA-4F60-91B5-2BF6A7ADED45},
  keywords  = {Beach Litter data},
  language  = {en},
  publisher = {OGS (Istituto Nazionale di Oceanografia e di Geofisica Sperimentale), Division of Oceanography},
  url       = {https://nodc.ogs.it/catalogs/doidetails?doi=10.13120/fa5c704a-a5ea-4f60-91b5-2bf6a7aded45},
}

@Misc{TROUPIN2025,
  author    = {Troupin, Charles and Barth, Alexander and Beckers, Jean-Marie and Sylvain Watelet},
  title     = {gher-uliege/Diva-Workshops: v1.3.1},
  year      = {2025},
  copyright = {MIT License},
  doi       = {10.5281/ZENODO.14757881},
  publisher = {Zenodo},
  url       = {https://zenodo.org/doi/10.5281/zenodo.14757881},
}

@Comment{jabref-meta: databaseType:bibtex;}
